<?xml version="1.0" encoding="UTF-8"?><collection xmlns="http://www.loc.gov/MARC21/slim"><record><leader>00341nam--2200121-i-4500</leader><controlfield tag="001">000046256</controlfield><controlfield tag="002">20161230</controlfield><controlfield tag="005">20161230201045</controlfield><controlfield tag="008">060222s1000------------r-----000-0-eng-d</controlfield><datafield ind1=" " ind2=" " tag="100"><subfield code="a">Van Velzer, Harry L</subfield></datafield><datafield ind1=" " ind2=" " tag="245"><subfield code="a">Physics and chemisstry of electronic technology</subfield></datafield><datafield ind1=" " ind2=" " tag="260"><subfield code="a">New York, Mcgraw-hill Book Co., Inc.., 1962, Xii+372p</subfield></datafield><datafield ind1=" " ind2=" " tag="852"><subfield code="a">18604</subfield></datafield></record></collection>